

@book{RefWorks:60,
	author={R. Ajo},
	year={2001},
	title={Laatu automaatiossa: parhaat käytännöt},
	publisher={Suomen Automaatioseura ry, SAS julkaisusarja}
}

@book{RefWorks:19,
	author={O. Bastert and C. Matuszewski},
	year={2001},
	title={Layered drawings of digraphs},
	journal={Drawing graphs},
	pages={87-120}
}

@article{RefWorks:36,
	author={O. Bastert and C. Matuszewski},
	year={1999},
	title={Layered drawings of digraphs},
	journal={Drawing graphs},
	pages={265-301}
}

@inbook{RefWorks:39,
	author={G. D. Battista and P. Eades and R. Tamassia and I. G. Tollis},
	year={1998},
	title={Layered Drawings of Digraphs},
	series={Graph drawing: algorithms for the visualization of graphs},
	publisher={Prentice Hall PTR}
}

@inproceedings{RefWorks:68,
	author={B. Berger and P. W. Shor},
	year={1990},
	title={Approximation algorithms for the maximum acyclic subgraph problem},
	booktitle={Proceedings of the first annual ACM-SIAM symposium on Discrete algorithms},
	publisher={Society for Industrial and Applied Mathematics},
	pages={236-243}
}

@inproceedings{RefWorks:46,
	author={T. J. Biggerstaff},
	year={1994},
	title={The library scaling problem and the limits of concrete component reuse},
	booktitle={Software Reuse: Advances in Software Reusability, 1994. Proceedings., Third International Conference on},
	publisher={IEEE},
	pages={102-109}
}

@article{RefWorks:57,
	author={M. J. Carpano},
	year={1980},
	title={Automatic display of hierarchized graphs for computer-aided decision analysis},
	journal={Systems, Man and Cybernetics, IEEE Transactions on},
	volume={10},
	number={11},
	pages={705-715}
}

@electronic{RefWorks:61,
	author={J. Clark},
	year={1999},
	title={Xsl transformations (xslt)},
	organization={World Wide Web Consortium (W3C)},
  url={http://www.w3.org/TR/xslt}
}

@article{RefWorks:59,
	author={E. G. Coffman and R. L. Graham},
	year={1972},
	title={Optimal scheduling for two-processor systems},
	journal={Acta Informatica},
	volume={1},
	number={3},
	pages={200-213}
}

@article{RefWorks:71,
	author={W. H. Cunningham},
	year={1976},
	title={A network simplex method},
	journal={Mathematical Programming},
	volume={11},
	number={1},
	pages={105-116}
}

@article{RefWorks:48,
	author={P. Eades and X. Lin and W. F. Smyth},
	year={1993},
	title={A fast and effective heuristic for the feedback arc set problem},
	journal={Information Processing Letters},
	volume={47},
	number={6},
	pages={319-323}
}

@article{RefWorks:8,
	author={P. Eades and N. C. Wormald},
	year={1994},
	title={Edge crossings in drawings of bipartite graphs},
	journal={Algorithmica},
	volume={11},
	number={4},
	pages={379-403}
}

@inproceedings{RefWorks:24,
	author={M. Eiglsperger and U. Fößmeier and M. Kaufmann},
	year={2000},
	title={Orthogonal graph drawing with constraints},
	booktitle={Proceedings of the eleventh annual ACM-SIAM symposium on Discrete algorithms},
	publisher={Society for Industrial and Applied Mathematics},
	pages={3-11}
}

@misc{RefWorks:2,
	author={T. Eschbach},
	year={2008},
	journal={Visualisierungen im Schaltkreisentwurf}
}

@article{RefWorks:23,
	author={E. Estévez and M. Marcos and D. Orive},
	year={2007},
	title={Automatic generation of PLC automation projects from component-based models},
	journal={The International Journal of Advanced Manufacturing Technology},
	volume={35},
	number={5},
	pages={527-540}
}

@inproceedings{RefWorks:37,
	author={E. Estévez and I. Sarachaga and F. Pérez and D. Orive and M. Marcos},
	year={2009},
	title={Model driven design in industrial automation},
	booktitle={Decision and Control, 2009 held jointly with the 2009 28th Chinese Control Conference. CDC/CCC 2009. Proceedings of the 48th IEEE Conference on},
	publisher={IEEE},
	pages={6262-6267}
}

@inproceedings{RefWorks:32,
	author={E. Faldella and A. Paoli and A. Tilli and M. Sartini and D. Guidi},
	year={2009},
	title={Architectural design patterns for logic control of manufacturing systems: the generalized device},
	booktitle={Information, Communication and Automation Technologies, 2009. ICAT 2009. XXII International Symposium on},
	publisher={IEEE},
	pages={1-7}
}

@article{RefWorks:7,
	author={Q. Feng},
	year={1997},
	journal={Algorithms for drawing clustered graphs}
}

@article{RefWorks:27,
	author={M. Forster},
	year={2004},
	journal={Crossings in Clustered Level Graphs}
}

@article{RefWorks:28,
	author={E. R. Gansner and E. Koutsofios and S. C. North and K. P. Vo},
	year={1993},
	title={A technique for drawing directed graphs},
	journal={Software Engineering, IEEE Transactions on},
	volume={19},
	number={3},
	pages={214-230}
}

@article{RefWorks:40,
	author={M. R. Garey and D. S. Johnson},
	year={1983},
	title={Crossing number is {NP}-complete},
	journal={SIAM Journal on Algebraic Discrete Methods},
	volume={4},
	number={3},
	pages={312-316}
}

@book{RefWorks:65,
	author={M. R. Garey and D. S. Johnson},
	year={1979},
	title={Computers and intractability},
	publisher={Freeman San Francisco, CA},
	volume={174}
}

@standard{RefWorks:62,
	institution={International Electrotechnical Commission},
	year={1993},
	title={IEC 61131-3 Programmable controllers part 3: Programming languages},
}

@book{RefWorks:55,
	author={K. H. John and M. Tiegelkamp},
	year={2010},
	title={{IEC} 61131-3: Programming Industrial Automation Systems: Concepts and Programming Languages, Requirements for Programming Systems, Decision-making Aids},
	publisher={Springer}
}

@book{RefWorks:52,
	author={M. Jünger and P. Mutzel},
	year={1996},
	title={2-layer straightline crossing minimization: Performance of exact and heuristic algorithms},
	publisher={MPI Informatik, Bibliothek \& Dokumentation}
}

@mastersthesis{RefWorks:42,
	author={J. Kääriäinen},
	year={2008},
  school={Aalto-yliopiston Sähkötekniikan korkeakoulu},
	title={Ohjelmakirjaston hyödyntäminen automaatiojärjestelmässä}
}

@book{RefWorks:56,
	author={J. Karl-Heinz and M. Tiegelkamp},
	year={2010},
	title={IEC 61131-3: Programming Industrial Automation Systems},
	publisher={Springer}
}

@article{RefWorks:50,
	author={L. Klauske and C. Schulze and M. Spönemann and R. von Hanxleden},
	year={2012},
	title={Improved Layout for Data Flow Diagrams with Port Constraints},
	journal={Diagrammatic Representation and Inference},
	pages={65-79}
}

@inproceedings{RefWorks:63,
	author={L. K. Klauske and C. Dziobek},
	year={2010},
	title={Improving modeling usability: Automated layout generation for Simulink},
	booktitle={Proceedings of the MathWorks Automotive Conference (MAC’10)}
}

@inproceedings{RefWorks:38,
	author={M. Marcos and E. Estevez},
	year={2008},
	title={Model-Driven design of Industrial Control Systems},
	booktitle={Computer-Aided Control Systems, IEEE International Conference on},
	publisher={IEEE},
	pages={1253-1258}
}

@article{RefWorks:29,
	author={M. Marcos and E. Estevez and F. Perez and E. Der Wal},
	year={2009},
	title={XML exchange of control programs},
	journal={Industrial Electronics Magazine, IEEE},
	volume={3},
	number={4},
	pages={32-35}
}

@book{RefWorks:53,
	author={T. McAvinew and R. Mulley},
	year={2004},
	title={Control System Documentation: Applying Symbols and Identification},
	publisher={Isa}
}

@incollection{RefWorks:54,
	author={F. Meier},
	editor={V. Trevathan},
	year={2006},
	publisher={ISA},
	title={Control System Documentation},
	booktitle={A Guide to the Automation Body of Knowledge},
	pages={75-88}
}

@inproceedings{RefWorks:47,
	author={H. Purchase and R. Cohen and M. James},
	year={1996},
	title={Validating graph drawing aesthetics},
	booktitle={Graph Drawing},
	publisher={Springer},
	pages={435-446}
}

@article{RefWorks:44,
	author={H. C. Purchase},
	year={2002},
	title={Metrics for graph drawing aesthetics},
	journal={Journal of Visual Languages \& Computing},
	volume={13},
	number={5},
	pages={501-516}
}

@inproceedings{RefWorks:45,
	author={U. Ryssel and J. Ploennigs and K. Kabitzsch},
	year={2006},
	title={Generative function block design and composition},
	booktitle={Factory Communication Systems, 2006 IEEE International Workshop on},
	publisher={IEEE},
	pages={253}
}

@inproceedings{RefWorks:17,
	author={G. Sander},
	year={2004},
	title={Layout of directed hypergraphs with orthogonal hyperedges},
	booktitle={Graph Drawing},
	publisher={Springer},
	pages={381-386}
}

@inproceedings{RefWorks:49,
	author={G. Sander},
	year={1996},
	title={A fast heuristic for hierarchical {M}anhattan layout},
	booktitle={Graph Drawing},
	publisher={Springer},
	pages={447-458}
}

@inproceedings{RefWorks:51,
	author={G. Sander},
	year={1995},
	title={Graph layout through the {VCG} tool},
	booktitle={Graph Drawing},
	publisher={Springer}
}

@article{RefWorks:35,
	author={M. Schmeling and R. von Hanxleden and M. Sp\"onemann and P. S. Roop},
	year={2010},
	title={Effective {V}isualization of {IEC} 61499 {F}unction {B}locks}
}

@article{RefWorks:18,
	author={C. D. Schulze},
	year={2011},
	journal={Optimizing Automatic Layout for Data Flow Diagrams}
}

@article{RefWorks:25,
	author={M. Siebenhaller},
	year={2009},
	journal={Orthogonal Graph Drawing with Constraints: Algorithms and Applications}
}

@inproceedings{RefWorks:21,
	author={J. Six and I. Tollis},
	year={2002},
	title={Automated visualization of process diagrams},
	booktitle={Graph Drawing},
	publisher={Springer},
	pages={492-495}
}


@inproceedings{RefWorks:3,
	author={M. Spönemann and H. Fuhrmann and R. Von Hanxleden and P. Mutzel},
	year={2010},
	title={Port constraints in hierarchical layout of data flow diagrams},
	booktitle={Graph Drawing},
	publisher={Springer},
	pages={135-146}
}

@article{RefWorks:43,
	author={M. Strömman},
	title={Ohjelmoitavan logiikan ohjelmointi ohjelmistotuotantoprosessina¹}
}

@article{RefWorks:9,
	author={K. Sugiyama and S. Tagawa and M. Toda},
	year={1981},
	title={Methods for visual understanding of hierarchical system structures},
	journal={Systems, Man and Cybernetics, IEEE Transactions on},
	volume={11},
	number={2},
	pages={109-125}
}

@book{RefWorks:41,
  author = {Strömman, Mika and Hirvonen, Juhani and Hukki, Kristiina and
    Tommila, Teemu},
  title = {Automaatiosuunnittelun prosessimalli - Yhteiset käsitteet
    verkottuneen suunnittelun perustana},
  year = {2007},
  publisher = {Suomen Automaatioseura ry, SAS julkaisusarja nro 35},
  address = {Helsinki},
  pages = {43},
  isbn = {978-952-5183-34-4},
}

@inproceedings{RefWorks:123,
  author = {Reinhard von Hanxleden and Hauke Fuhrmann and Miro Sp\"onemann},
  title = {{KIELER}---The {KIEL} {I}ntegrated {E}nvironment for {L}ayout {E}clipse {R}ich {C}lient},
  booktitle = {Proceedings of the Design, Automation and Test in Europe University Booth (DATE'11)},
  year = {2011},
  address = {Grenoble, France},
  month = {Mar.}
}

@book{RefWorks:66,
	author={R. Tamassia},
	year={2007},
	title={Handbook of graph drawing and visualization},
	publisher={Chapman \& Hall/CRC}
}

@book{RefWorks:67,
	author={R. Tamassia},
	year={2007},
	title={Handbook of graph drawing and visualization},
	publisher={Chapman \& Hall/CRC}
}

@book{RefWorks:70,
	author={R. Tamassia},
	year={2007},
	title={Handbook of graph drawing and visualization},
	publisher={Chapman \& Hall/CRC}
}

@article{RefWorks:69,
	author={R. Tarjan},
	year={1972},
	title={Depth-first search and linear graph algorithms},
	journal={SIAM journal on computing},  
	volume={1},
	number={2}
}

@inproceedings{RefWorks:64,
	author={E. van der Wal},
	year={1999},
	title={Introduction into {IEC} 1131-3 and {PLCopen}},
	booktitle={The Application of IEC 61131 to Industrial Control},
	publisher={IET}
}

@inproceedings{RefWorks:30,
	author={B. Vogel-Heuser and D. Witsch and U. Katzke},
	year={2005},
	title={Automatic Code Generation from a UML model to IEC 61131-3 and system configuration tools},
	booktitle={Control and Automation, 2005. ICCA'05. International Conference on},
	publisher={IEEE},
	volume={2},
	pages={1034-1039}
}

@article{RefWorks:58,
	author={J. N. Warfield},
	year={1977},
	title={Crossing theory and hierarchy mapping},
	journal={Systems, Man and Cybernetics, IEEE Transactions on},
	volume={7},
	number={7},
	pages={505-523}
}

